@inproceedings{Borkar2007core,
 author = {Borkar, Shekhar},
 title = {Thousand Core Chips: A Technology Perspective},
 booktitle = {Proceedings of the 44th Annual Design Automation Conference},
 series = {DAC '07},
 year = {2007},
 isbn = {978-1-59593-627-1},
 location = {San Diego, California},
 pages = {746--749},
 numpages = {4},
 url = {http://doi.acm.org/10.1145/1278480.1278667},
 doi = {10.1145/1278480.1278667},
 acmid = {1278667},
 publisher = {ACM},
 address = {New York, NY, USA},
 keywords = {CMOS, memory, power, reliability, variability},
} 
@inproceedings{ Zhang2011imapreduce,
    author = {Zhang, Yanfeng and Gao, Qinxin and Gao, Lixin and Wang, Cuirong},
    title = {{iMapReduce}: A Distributed Computing Framework for Iterative Computation},
    booktitle = {Proceedings of the 2011 IEEE International Symposium on Parallel and Distributed Processing Workshops and PhD Forum},
    series = {IPDPSW '11},
    year = {2011},
    isbn = {978-0-7695-4577-6},
    pages = {1112--1121},
    numpages = {10},
    url = {http://dx.doi.org/10.1109/IPDPS.2011.260},
    doi = {10.1109/IPDPS.2011.260},
    acmid = {2058802},
    publisher = {IEEE Computer Society},
    address = {Washington, DC, USA},
} 

@article{ isard2007dryad,
    author = {Isard, Michael and Budiu, Mihai and Yu, Yuan and others},
    title = {{Dryad}: Distributed Data-parallel Programs from Sequential Building Blocks},
    journal = {SIGOPS Oper. Syst. Rev.},
    issue_date = {June 2007},
    volume = {41},
    number = {3},
    month = mar,
    year = {2007},
    issn = {0163-5980},
    pages = {59--72},
    numpages = {14},
    url = {http://doi.acm.org/10.1145/1272998.1273005},
    doi = {10.1145/1272998.1273005},
    acmid = {1273005},
    publisher = {ACM},
    address = {New York, NY, USA},
    keywords = {cluster computing, concurrency, dataflow, distributed programming},
} 

@article{Borkar2007Thousand,
  title={Thousand Core ChipsA Technology Perspective},
  author={Borkar, Shekhar},
  pages={746-749},
  year={2007},
}


@inproceedings{Condie2010MapReduce,
  title={MapReduce online},
  author={Condie, Tyson and Conway, Neil and Alvaro, Peter and Hellerstein, Joseph M. and Elmeleegy, Khaled and Sears, Russell},
  booktitle={Usenix Conference on Networked Systems Design and Implementation},
  pages={647-667},
  year={2010},
}

