/home/doer/git/mygit/dmr_paper/my.bib