../dmr_paper/os.bib