../dmr_paper/pa.bib