% move to pa.bib borkar2007core
@inproceedings{Borkar2007core,
 author = {Borkar, Shekhar},
 title = {Thousand Core Chips: A Technology Perspective},
 booktitle = {Proceedings of the 44th Annual Design Automation Conference},
 series = {DAC '07},
 year = {2007},
 isbn = {978-1-59593-627-1},
 location = {San Diego, California},
 pages = {746--749},
 numpages = {4},
 url = {http://doi.acm.org/10.1145/1278480.1278667},
 doi = {10.1145/1278480.1278667},
 acmid = {1278667},
 publisher = {ACM},
 address = {New York, NY, USA},
 keywords = {CMOS, memory, power, reliability, variability},
} 
@inproceedings{ Zhang2011imapreduce,
    author = {Zhang, Yanfeng and Gao, Qinxin and Gao, Lixin and Wang, Cuirong},
    title = {{iMapReduce}: A Distributed Computing Framework for Iterative Computation},
    booktitle = {Proceedings of the 2011 IEEE International Symposium on Parallel and Distributed Processing Workshops and PhD Forum},
    series = {IPDPSW '11},
    year = {2011},
    isbn = {978-0-7695-4577-6},
    pages = {1112--1121},
    numpages = {10},
    url = {http://dx.doi.org/10.1109/IPDPS.2011.260},
    doi = {10.1109/IPDPS.2011.260},
    acmid = {2058802},
    publisher = {IEEE Computer Society},
    address = {Washington, DC, USA},
} 

@article{ isard2007dryad,
    author = {Isard, Michael and Budiu, Mihai and Yu, Yuan and others},
    title = {{Dryad}: Distributed Data-parallel Programs from Sequential Building Blocks},
    journal = {SIGOPS Oper. Syst. Rev.},
    issue_date = {June 2007},
    volume = {41},
    number = {3},
    month = mar,
    year = {2007},
    issn = {0163-5980},
    pages = {59--72},
    numpages = {14},
    url = {http://doi.acm.org/10.1145/1272998.1273005},
    doi = {10.1145/1272998.1273005},
    acmid = {1273005},
    publisher = {ACM},
    address = {New York, NY, USA},
    keywords = {cluster computing, concurrency, dataflow, distributed programming},
} 

@article{Borkar2007Thousand,
  title={Thousand Core ChipsA Technology Perspective},
  author={Borkar, Shekhar},
  pages={746-749},
  year={2007},
}

@article{ Andi2009lmulticore,
	author={Andi Kleen, Intel Corporation, Germany},
	title={Linux multi-core scalability},
	journal = {In Proceedings of Linux Kongress},	
	year = {2009},
	month = {October},
	
}


@inproceedings{Condie2010mapreduce,
  title={MapReduce online},
  author={Condie, Tyson and Conway, Neil and Alvaro, Peter and Hellerstein, Joseph M. and Elmeleegy, Khaled and Sears, Russell},
  booktitle={Usenix Conference on Networked Systems Design and Implementation},
  pages={647-667},
  year={2010},
}
@article{Clements2015SCR,
 author = {Clements, Austin T. and Kaashoek, M. Frans and Zeldovich, Nickolai and Morris, Robert T. and Kohler, Eddie},
 title = {The Scalable Commutativity Rule: Designing Scalable Software for Multicore Processors},
 journal = {ACM Trans. Comput. Syst.},
 issue_date = {January 2015},
 volume = {32},
 number = {4},
 month = jan,
 year = {2015},
 issn = {0734-2071},
 pages = {10:1--10:47},
 articleno = {10},
 numpages = {47},
 url = {http://doi.acm.org/10.1145/2699681},
 doi = {10.1145/2699681},
 acmid = {2699681},
 publisher = {ACM},
 address = {New York, NY, USA},
 keywords = {Commutativity, conflict freedom, multicore, software interfaces},
}

@inproceedings{clements2013radixvm,
 author = {Clements, Austin T. and Kaashoek, M. Frans and Zeldovich, Nickolai},
 title = {RadixVM: Scalable Address Spaces for Multithreaded Applications},
 booktitle = {Proceedings of the 8th ACM European Conference on Computer Systems},
 series = {EuroSys '13},
 year = {2013},
 isbn = {978-1-4503-1994-2},
 location = {Prague, Czech Republic},
 pages = {211--224},
 numpages = {14},
 url = {http://doi.acm.org/10.1145/2465351.2465373},
 doi = {10.1145/2465351.2465373},
 acmid = {2465373},
 publisher = {ACM},
 address = {New York, NY, USA},
}

@article{linux,
  title={Linux source code},
  author={ L. Torvalds et al},
  journal={ http://www.kernel.org/},
}




@inproceedings{clements2012concurrent,
 author = {Clements, Austin T. and Kaashoek, M. Frans and Zeldovich, Nickolai},
 title = {Scalable Address Spaces Using RCU Balanced Trees},
 booktitle = {Proceedings of the Seventeenth International Conference on Architectural Support for Programming Languages and Operating Systems},
 series = {ASPLOS XVII},
 year = {2012},
 isbn = {978-1-4503-0759-8},
 location = {London, England, UK},
 pages = {199--210},
 numpages = {12},
 url = {http://doi.acm.org/10.1145/2150976.2150998},
 doi = {10.1145/2150976.2150998},
 acmid = {2150998},
 publisher = {ACM},
 address = {New York, NY, USA},
 keywords = {RCU, concurrent balanced trees, lock-free algorithms, multicore, scalability, virtual memory},
} 

@inproceedings{boyd2008corey,
  title={Corey: An Operating System for Many Cores.},
  author={Boyd-Wickizer, Silas and Chen, Haibo and Chen, Rong and Mao, Yandong and Kaashoek, M Frans and Morris, Robert and Pesterev, Aleksey and Stein, Lex and Wu, Ming and Dai, Yue-hua and others},
  booktitle={OSDI},
  volume={8},
  pages={43--57},
  year={2008}
}

@inproceedings{Boyd2010An,
  title={An Analysis of Linux Scalability to Many Cores},
  author={Boyd-Wickizer, Silas and Clements, Austin T. and Mao, Yandong and Pesterev, Aleksey and Kaashoek, M. Frans and Morris, Robert and Zeldovich, Nickolai},
  booktitle={Usenix Symposium on Operating Systems Design and Implementation, OSDI 2010, October 4-6, 2010, Vancouver, Bc, Canada, Proceedings},
  pages={1-16},
  year={2010},
}



@book{White2010Hadoop,
  title={Hadoop: The Definitive Guide},
  author={White, Tom},
  publisher={Yahoo! Press},
  pages={1 - 4},
  year={2010},
}

@article{Yang2007MapReducemerge,
  title={Map-reduce-merge: simplified relational data processing on large clusters},
  author={Yang, Hung Chih and Dasdan, Ali and Hsiao, Ruey Lung and Parker, D. Stott},
  journal={In SIGMOD},
  pages={1029-1040},
  year={2007},
}

@inproceedings{de2009performance,
  title={Performance counters on Linux},
  author={de Melo, Arnaldo Carvalho},
  booktitle={Linux Plumbers Conference},
  year={2009}
}
@phdthesis{mckenney2004RCU,
  title={Exploiting Deferred Destruction4 An Analysis of Read-Copy-Update Techniques in Operating System qernels},
  author={McKenney, Paul E},
  year={2004},
  school={Oregon Health \& Science University}
}
